% Copyright © 2020 Andrew Trettel
% 
% This file is licensed under the Creative Commons Attribution 4.0
% International license (`CC-BY-4.0`).  For more information, please visit the
% Creative Commons website at <https://creativecommons.org/licenses/by/4.0/>.

@book{AGARD+1998+eng+RPRT,
addendum    = {AGARD-AR-345},
author      = {AGARD},
institution = {Advisory Group for Aerospace Research and Development},
language    = {English},
number      = {345},
publisher   = {Advisory Group for Aerospace Research and Development},
series      = {AGARD Advisory Report},
title       = {A Selection of Test Cases for the Validation of Large-Eddy Simulations of Turbulent Flows},
year        = {1998},
}

@book{BirchSF+1973+eng+CONF,
editor   = {Birch, Stanley F. and Rudy, David H. and Bushnell, Dennis M.},
language = {English},
note     = {NASA-SP-321-VOL-1},
series   = {Free Turbulent Shear Flows},
title    = {Conference Proceedings},
url      = {https://ntrs.nasa.gov/search.jsp?R=19730019422},
volume   = {1},
year     = {1973},
}

@book{BirchSF+1973+eng+BOOK,
editor   = {Birch, Stanley F. and Eggers, James M.},
language = {English},
note     = {NASA-SP-321-VOL-2},
series   = {Free Turbulent Shear Flows},
title    = {Summary of Data},
url      = {https://ntrs.nasa.gov/search.jsp?R=19730018486},
volume   = {2},
year     = {1973},
}

@phdthesis{ChiSW+1965+eng+THES,
author   = {Chi, S. W.},
language = {English},
school   = {Imperial College London},
title    = {Friction and Heat Transfer in a Compressible Turbulent Boundary Layer on a Smooth Flat Plate},
url      = {http://hdl.handle.net/10044/1/15754},
year     = {1965},
}

@book{ColesDE+1969+eng+BOOK,
editor    = {Coles, D. E. and Hirst, E. A.},
language  = {English},
lccn      = {68058871},
oclc      = {561999041},
publisher = {Stanford University},
series    = {Computation of turbulent boundary layers---1968 AFOSR-IFP-Stanford Conference},
title     = {Compiled Data},
volume    = {2},
year      = {1969},
}

@article{CornishRJ+1928+eng+JOUR,
author   = {Cornish, R. J.},
title    = {Flow in a pipe of rectangular cross-section},
journal  = {Proceedings of the Royal Society of London. Series A, Containing Papers of a Mathematical and Physical Character},
volume   = {120},
number   = {786},
pages    = {691--700},
year     = {1928},
doi      = {10.1098/rspa.1928.0175},
language = {English},
issn     = {1364-5021},
}

@article{DaviesSJ+1928+eng+JOUR,
author   = {Davies, S. J. and White, C. M.},
doi      = {10.1098/rspa.1928.0086},
issn     = {1364-5021},
journal  = {Proceedings of the Royal Society of London. Series A, Containing Papers of a Mathematical and Physical Character},
language = {English},
number   = {781},
pages    = {92--107},
title    = {An experimental study of the flow of water in pipes of rectangular section},
volume   = {119},
year     = {1928},
}

@book{FernholzHH+1977+eng+RPRT,
addendum    = {AGARD-AG-223},
author      = {Fernholz, H. H. and Finley, P. J.},
institution = {Advisory Group for Aerospace Research and Development},
language    = {English},
month       = {June},
number      = {223},
publisher   = {Advisory Group for Aerospace Research and Development},
series      = {AGARDograph},
title       = {A Critical Compilation of Compressible Turbulent Boundary Layer Data},
url         = {https://apps.dtic.mil/docs/citations/ADA045367},
year        = {1977},
}

@book{FernholzHH+1980+eng+RPRT,
addendum    = {AGARD-AG-253},
author      = {Fernholz, H. H. and Finley, P. J.},
institution = {Advisory Group for Aerospace Research and Development},
language    = {English},
month       = {May},
number      = {253},
publisher   = {Advisory Group for Aerospace Research and Development},
series      = {AGARDograph},
title       = {A Critical Commentary on Mean Flow Data for Two-Dimensional Compressible Turbulent Boundary Layers},
url         = {https://apps.dtic.mil/docs/citations/ADA087704},
year        = {1980},
}

@book{FernholzHH+1981+eng+RPRT,
addendum    = {AGARD-AG-263},
author      = {Fernholz, H. H. and Finley, P. J. and Mikulla, V.},
institution = {Advisory Group for Aerospace Research and Development},
language    = {English},
month       = {November},
number      = {263},
publisher   = {Advisory Group for Aerospace Research and Development},
series      = {AGARDograph},
title       = {A Further Compilation of Compressible Boundary Layer Data with a Survey of Turbulence Data},
url         = {https://apps.dtic.mil/docs/citations/ADA111638},
year        = {1981},
}

@book{FernholzHH+1989+eng+RPRT,
addendum    = {AGARD-AG-315},
author      = {Fernholz, H. H. and Finley, P. J. and Dussauge, J. P. and Smits, A.  J.},
institution = {Advisory Group for Aerospace Research and Development},
language    = {English},
month       = {May},
number      = {315},
publisher   = {Advisory Group for Aerospace Research and Development},
series      = {AGARDograph},
title       = {Survey of Measurements and Measuring Techniques in Rapidly Distorted Compressible Turbulent Boundary Layers},
url         = {https://apps.dtic.mil/docs/citations/ADA211107},
year        = {1989},
}

@article{HuebscherRG+1947+eng+JOUR,
author   = {Huebscher, R. G.},
issn     = {0017-940X},
journal  = {Heating, piping and air conditioning},
language = {English},
month    = {12},
number   = {12},
pages    = {127--135},
title    = {Friction Equivalents for Round, Square, and Rectangular Ducts},
volume   = {19},
year     = {1947},
}

@book{KlineSJ+1969+eng+CONF,
editor    = {Kline, S. J. and Morkovin, M. V. and Sovran, G. and Cockrell, D. J.},
language  = {English},
lccn      = {68058871},
oclc      = {561999041},
publisher = {Stanford University},
series    = {Computation of turbulent boundary layers---1968 AFOSR-IFP-Stanford Conference},
title     = {Methods, Predictions, Evaluation and Flow Structure},
volume    = {1},
year      = {1969},
}

@book{KlineSJ+1981+eng+BOOK+V1,
addendum  = {AFOSR-TR-83-1001},
editor    = {Kline, S. J. and Cantwell, B. J. and Lilley, G. M.},
language  = {English},
publisher = {Stanford University},
series    = {The 1980--81 AFOSR-HTTM-Stanford Conference on Complex Turbulent Flows: Comparison of Computation and Experiment},
title     = {Objectives, Evaluation of Data, Specifications of Test Cases, Discussion and Position Papers},
url       = {http://www.dtic.mil/docs/citations/ADA135569},
volume    = {1},
year      = {1981},
}

@book{KlineSJ+1982+eng+BOOK+V2,
addendum  = {AFOSR-TR-83-1002},
editor    = {Kline, S. J. and Cantwell, B. J. and Lilley, G. M.},
language  = {English},
publisher = {Stanford University},
series    = {The 1980--81 AFOSR-HTTM-Stanford Conference on Complex Turbulent Flows: Comparison of Computation and Experiment},
title     = {Taxonomies, Reporters' Summaries, Evaluation, and Conclusions},
url       = {http://www.dtic.mil/docs/citations/ADA135570},
volume    = {2},
year      = {1982},
}

@book{KlineSJ+1982+eng+BOOK+V3,
addendum  = {AFOSR-TR-83-1003},
editor    = {Kline, S. J. and Cantwell, B. J. and Lilley, G. M.},
language  = {English},
publisher = {Stanford University},
series    = {The 1980--81 AFOSR-HTTM-Stanford Conference on Complex Turbulent Flows: Comparison of Computation and Experiment},
title     = {Comparison of Computation with Experiment, and Computors' Summary Reports},
url       = {http://www.dtic.mil/docs/citations/ADA136034},
volume    = {3},
year      = {1982},
}

@book{PetersonJB+1963+eng+RPRT,
addendum = {NASA-TN-D-1795},
author   = {Peterson, J. B. Jr.},
language = {English},
title    = {A comparison of experimental and theoretical results for compressible turbulent-boundary-layer skin friction with zero pressure gradient},
year     = {1963},
}

@book{ReichardtH+1954+deu+RPRT,
author      = {Reichardt, H.},
institution = {Max-Plank-Institut für Strömungsforschung},
issn        = {0374-1257},
language    = {German},
lccn        = {56015733},
number      = {9},
oclc        = {5693653},
series      = {Mitteilungen aus dem Max-Plank-Institut für Strömungsforschung und der Aerodynamischen Versuchsanstalt},
title       = {Ueber die Umströmung zylindrischer Körper in einer geradlinigen Couetteströmung},
year        = {1954},
}

@article{ReichardtH+1956+deu+JOUR,
author    = {Reichardt, H.},
doi       = {10.1002/zamm.19560361311},
issn      = {1521-4001},
journal   = {Zeitschrift für Angewandte Mathematik und Mechanik},
language  = {German},
number    = {S1},
pages     = {S26--S29},
publisher = {WILEY-VCH Verlag},
title     = {Über die Geschwindigkeitsverteilung in einer geradlinigen turbulenten Couetteströmung},
volume    = {36},
year      = {1956},
}

@book{ReichardtH+1959+deu+RPRT,
author      = {Reichardt, H.},
institution = {Max-Plank-Institut für Strömungsforschung},
issn        = {0374-1257},
language    = {German},
lccn        = {56015733},
number      = {22},
oclc        = {5693653},
series      = {Mitteilungen aus dem Max-Plank-Institut für Strömungsforschung und der Aerodynamischen Versuchsanstalt},
title       = {Gesetzmäßigkeiten der geradlinigen turbulenten Couetteströmung},
year        = {1959},
}

@article{RoosFW+1971+eng+JOUR,
author   = {Roos, Frederick W. and Willmarth, William W.},
doi      = {10.2514/3.6164},
issn     = {0001-1452},
journal  = {AIAA Journal},
language = {English},
number   = {2},
pages    = {285--291},
title    = {Some experimental results on sphere and disk drag},
volume   = {9},
year     = {1971},
}

@book{SettlesGS+1991+eng+RPRT,
author   = {Settles, G. S. and Dodson, L. J.},
language = {English},
note     = {NASA-CR-177577},
title    = {Hypersonic Shock/Boundary-Layer Interaction Database},
url      = {https://ntrl.ntis.gov/NTRL/dashboard/searchResults/titleDetail/N9115986.xhtml},
year     = {1991},
}

@misc{SettlesGS+1993+eng+DATA,
author   = {Settles, G. S. and Dodson, L. J.},
language = {English},
note     = {NASA-CR-177610},
title    = {Hypersonic Turbulent Boundary-Layer and Free Shear Database Datasets},
url      = {https://ntrs.nasa.gov/search.jsp?R=20100019476},
year     = {1991},
}

@book{SettlesGS+1994+eng+RPRT,
author   = {Settles, G. S. and Dodson, L. J.},
language = {English},
note     = {NASA-CR-177638},
title    = {Hypersonic Shock/Boundary-Layer Interaction Database: New and Corrected Data},
year     = {1994},
}

@article{SchultzGrunowF+1940+deu+JOUR,
author   = {Schultz-Grunow, F.},
issn     = {0368-7643},
issue    = {8},
journal  = {Luftfahrtforschung},
language = {German},
pages    = {239--246},
title    = {Neues Reibungswiderstandsgesetz für glatte Platten},
volume   = {17},
year     = {1940},
}

@article{SpaldingDB+1964+eng+JOUR,
author   = {Spalding, D. B. and Chi, S. W.},
doi      = {10.1017/S0022112064000088},
issn     = {1469-7645},
issue    = {1},
journal  = {Journal of Fluid Mechanics},
language = {English},
month    = {1},
pages    = {117--143},
title    = {The drag of a compressible turbulent boundary layer on a smooth flat plate with and without heat transfer},
volume   = {18},
year     = {1964},
}

@article{StantonTE+1911+eng+JOUR,
author   = {Stanton, Thomas Edward},
doi      = {10.1098/rspa.1911.0050},
issn     = {1364-5021},
journal  = {Proceedings of the Royal Society of London. Series A, Containing Papers of a Mathematical and Physical Character},
language = {English},
number   = {579},
pages    = {366--376},
title    = {The mechanical viscosity of fluids},
volume   = {85},
year     = {1911},
}

@article{StantonTE+1914+eng+JOUR,
author   = {Stanton, Thomas Edward and Pannell, J. R.},
doi      = {10.1098/rsta.1914.0016},
issn     = {1364-5021},
journal  = {Philosophical Transactions of the Royal Society of London. Series A, Containing Papers of a Mathematical or Physical Character},
language = {English},
number   = {509-522},
pages    = {199--224},
title    = {Similarity of motion in relation to the surface friction of fluids},
volume   = {214},
year     = {1914},
}

@article{StantonTE+1929+eng+RPRT,
author   = {Stanton, Thomas Edward},
journal  = {Aeronautical Research Committee Reports and Memoranda},
language = {English},
number   = {1210},
oclc     = {13546370},
title    = {On the effect of air compression on drag and pressure distribution in cylinders of infinite aspect ratio},
year     = {1929},
}

@mastersthesis{TrettelA+2015+eng+THES,
author   = {Trettel, Andrew},
language = {English},
school   = {University of Maryland, College Park},
title    = {Velocity transformation for compressible wall turbulence with heat transfer},
url      = {http://hdl.handle.net/1903/16797},
year     = {2015},
}

@article{TrettelA+2016+eng+JOUR,
author   = {Trettel, Andrew and Larsson, Johan},
doi      = {10.1063/1.4942022},
eid      = {026102},
issn     = {1070-6631},
journal  = {Physics of Fluids},
language = {English},
number   = {2},
title    = {Mean velocity scaling for compressible wall turbulence with heat transfer},
volume   = {28},
year     = {2016},
}

@article{WilliamsonCHK+1989+eng+JOUR,
author    = {Williamson, C. H. K.},
doi       = {10.1017/S0022112089002429},
issn      = {0022-1120},
journal   = {Journal of Fluid Mechanics},
language  = {English},
pages     = {579–627},
publisher = {Cambridge University Press},
title     = {Oblique and parallel modes of vortex shedding in the wake of a circular cylinder at low Reynolds numbers},
volume    = {206},
year      = {1989},
}

@phdthesis{ZwartsFJ+1970+eng+THES,
author   = {Zwarts, F. J.},
language = {English},
school   = {McGill University},
title    = {The compressible turbulent boundary layer in a pressure gradient},
url      = {https://escholarship.mcgill.ca/concern/theses/xs55mc623},
year     = {1970},
}
